<?xml version="1.0"?>
<collection xmlns="http://www.loc.gov/MARC21/slim">
<record xmlns="http://www.loc.gov/MARC21/slim" xmlns:xsi="http://www.w3.org/2001/XMLSchema-instance" xsi:schemaLocation="http://www.loc.gov/MARC21/slim http://www.loc.gov/standards/marcxml/schema/MARC21slim.xsd">
<leader>01468cam a2200361Ia 4500</leader>
<controlfield tag="005">20240725002408.0</controlfield>
<controlfield tag="008">990514s1999 ko a 000 0 kor d</controlfield>
<controlfield tag="001">990027123350108501</controlfield>
<datafield tag="020" ind1=" " ind2=" ">
<subfield code="a">8982811680</subfield>
</datafield>
<datafield tag="035" ind1=" " ind2=" ">
<subfield code="a">(NcD)002712335DUK01</subfield>
</datafield>
<datafield tag="035" ind1=" " ind2=" ">
<subfield code="a">(OCoLC)41365131</subfield>
</datafield>
<datafield tag="040" ind1=" " ind2=" ">
<subfield code="a">CER</subfield>
<subfield code="b">eng</subfield>
<subfield code="c">CER</subfield>
<subfield code="d">LNQ</subfield>
<subfield code="d">NDD</subfield>
</datafield>
<datafield tag="050" ind1="9" ind2="9">
<subfield code="a">PN1995</subfield>
<subfield code="b">.Y335 1999</subfield>
</datafield>
<datafield tag="066" ind1=" " ind2=" ">
<subfield code="c">$1</subfield>
</datafield>
<datafield tag="090" ind1=" " ind2=" ">
<subfield code="a">PN1995</subfield>
<subfield code="b">.Y335 1999</subfield>
</datafield>
<datafield tag="092" ind1="0" ind2=" ">
<subfield code="a">791.4375</subfield>
<subfield code="b">Y51, Y51, 1999</subfield>
</datafield>
<datafield tag="100" ind1="1" ind2=" ">
<subfield code="6">880-01</subfield>
<subfield code="a">Yi, Tong-jin,</subfield>
<subfield code="d">1967-</subfield>
<subfield code="0">https://id.loc.gov/authorities/names/nr99027044</subfield>
</datafield>
<datafield tag="880" ind1="1" ind2=" ">
<subfield code="6">100-01/</subfield>
<subfield code="a">이동진,</subfield>
<subfield code="d">1967-</subfield>
<subfield code="0">https://id.loc.gov/authorities/names/nr99027044</subfield>
</datafield>
<datafield tag="245" ind1="1" ind2="0">
<subfield code="6">880-02</subfield>
<subfield code="a">Yi Tong-jin ŭi sinema letʻŏ =</subfield>
<subfield code="b">Cinema letter.</subfield>
</datafield>
<datafield tag="880" ind1="1" ind2="0">
<subfield code="6">245-02/</subfield>
<subfield code="a">이동진의시네마레터 =</subfield>
<subfield code="b">Cinema letter.</subfield>
</datafield>
<datafield tag="246" ind1="3" ind2="0">
<subfield code="6">880-03</subfield>
<subfield code="a">Sinema letʻŏ</subfield>
</datafield>
<datafield tag="880" ind1="3" ind2="0">
<subfield code="6">246-03/</subfield>
<subfield code="a">시네마레터</subfield>
</datafield>
<datafield tag="246" ind1="3" ind2="1">
<subfield code="a">Cinema letter</subfield>
</datafield>
<datafield tag="250" ind1=" " ind2=" ">
<subfield code="6">880-04</subfield>
<subfield code="a">1-pʻan.</subfield>
</datafield>
<datafield tag="880" ind1=" " ind2=" ">
<subfield code="6">250-04/</subfield>
<subfield code="a">1판.</subfield>
</datafield>
<datafield tag="260" ind1=" " ind2=" ">
<subfield code="6">880-05</subfield>
<subfield code="a">Sŏul-si :</subfield>
<subfield code="b">Munhak Tongne,</subfield>
<subfield code="c">1999.</subfield>
</datafield>
<datafield tag="880" ind1=" " ind2=" ">
<subfield code="6">260-05/</subfield>
<subfield code="a">서울시 :</subfield>
<subfield code="b">문학동네,</subfield>
<subfield code="c">1999.</subfield>
</datafield>
<datafield tag="300" ind1=" " ind2=" ">
<subfield code="a">255 p. :</subfield>
<subfield code="b">ill. ;</subfield>
<subfield code="c">23 cm.</subfield>
</datafield>
<datafield tag="336" ind1=" " ind2=" ">
<subfield code="a">text</subfield>
<subfield code="b">txt</subfield>
<subfield code="2">rdacontent</subfield>
</datafield>
<datafield tag="337" ind1=" " ind2=" ">
<subfield code="a">unmediated</subfield>
<subfield code="b">n</subfield>
<subfield code="2">rdamedia</subfield>
</datafield>
<datafield tag="338" ind1=" " ind2=" ">
<subfield code="a">volume</subfield>
<subfield code="b">nc</subfield>
<subfield code="2">rdacarrier</subfield>
</datafield>
<datafield tag="650" ind1=" " ind2="0">
<subfield code="a">Motion pictures</subfield>
<subfield code="v">Reviews.</subfield>
<subfield code="0">https://id.loc.gov/authorities/subjects/sh85088106</subfield>
</datafield>
<datafield tag="951" ind1=" " ind2=" ">
<subfield code="a">NDD</subfield>
<subfield code="b">20051111</subfield>
</datafield>
<datafield tag="942" ind1=" " ind2=" ">
<subfield code="d">2024-06-23 09:30:52 US/Eastern</subfield>
</datafield>
<datafield tag="852" ind1="0" ind2=" ">
<subfield code="h">PN1995</subfield>
<subfield code="i">.Y335 1999</subfield>
<subfield code="b">PERKN</subfield>
<subfield code="c">PKE</subfield>
<subfield code="8">22613762370008501</subfield>
</datafield>
<datafield tag="940" ind1=" " ind2=" ">
<subfield code="e">22613762370008501</subfield>
<subfield code="i">1</subfield>
<subfield code="d">0</subfield>
<subfield code="c">PKE</subfield>
<subfield code="r">BOOK</subfield>
<subfield code="p">D01407768X</subfield>
<subfield code="w">PKE</subfield>
<subfield code="a">1</subfield>
<subfield code="k">23613762360008501</subfield>
<subfield code="o">01</subfield>
<subfield code="s">2000-05-15 20:00:00 US/Eastern</subfield>
<subfield code="f">2000-05-16 06:59:00 US/Eastern</subfield>
<subfield code="h">PN1995 .Y335 1999</subfield>
<subfield code="v">PERKN</subfield>
<subfield code="u">2024-06-23 09:31:39 US/Eastern</subfield>
<subfield code="b">PERKN</subfield>
</datafield>
</record>
</collection>
